% Encoding: UTF-8

@article{tang2019comprehensive,
  title={Comprehensive search for topological materials using symmetry indicators},
  author={Tang, Feng and Po, Hoi Chun and Vishwanath, Ashvin and Wan, Xiangang},
  journal={Nature},
  volume={566},
  number={7745},
  pages={486--489},
  year={2019},
  publisher={Nature Publishing Group}
}


@article{zhang2019catalogue,
  title={Catalogue of topological electronic materials},
  author={Zhang, Tiantian and Jiang, Yi and Song, Zhida and Huang, He and He, Yuqing and Fang, Zhong and Weng, Hongming and Fang, Chen},
  journal={Nature},
  volume={566},
  number={7745},
  pages={475--479},
  year={2019},
  publisher={Nature Publishing Group}
}


@article{vergniory2019complete,
  title={A complete catalogue of high-quality topological materials},
  author={Vergniory, MG and Elcoro, L and Felser, Claudia and Regnault, Nicolas and Bernevig, B Andrei and Wang, Zhijun},
  journal={Nature},
  volume={566},
  number={7745},
  pages={480--485},
  year={2019},
  publisher={Nature Publishing Group}
}


@article{Landau:486430,
      author        = "Landau, Lev Davidovich and Ginzburg, V L",
      title         = "{On the theory of superconductivity}",
      journal       = "Zh. Eksp. Teor. Fiz.",
      volume        = "20",
      pages         = "1064",
      year          = "1950",
      url           = "http://cds.cern.ch/record/486430",
}

@article{Landau:480039,
      author        = "Landau, Lev Davidovich",
      title         = "{On the theory of phase transitions. I.}",
      journal       = "Phys. Z. Sowjet.",
      volume        = "11",
      pages         = "26",
      year          = "1937",
      url           = "http://cds.cern.ch/record/480039",
}

@article{wu1976,
  title={Dirac's monopole without strings: classical Lagrangian theory},
  author={Wu, Tai Tsun and Yang, Chen Ning},
  journal={Physical Review D},
  volume={14},
  number={2},
  pages={437},
  year={1976},
  publisher={APS}
}

@article{dirac1931,
  title={Quantised singularities in the electromagnetic field},
  author={Dirac, Paul Adrien Maurice},
  journal={Proceedings of the Royal Society of London. Series A, Containing Papers of a Mathematical and Physical Character},
  volume={133},
  number={821},
  pages={60--72},
  year={1931},
  publisher={The Royal Society London}
}

@Article{Fisher1989,
  author    = {Matthew P. A. Fisher and Peter B. Weichman and G. Grinstein and Daniel S. Fisher},
  journal   = {Physical Review B},
  title     = {Boson localization and the superfluid-insulator transition},
  year      = {1989},
  number    = {1},
  pages     = {546--570},
  volume    = {40},
  doi       = {10.1103/physrevb.40.546},
  month     = {jul},
  publisher = {American Physical Society ({APS})},
}

@Book{Sachdev2017,
  author    = {Sachdev, Subir},
  publisher = {Cambridge University Press},
  title     = {Quantum {P}hase {T}ransitions},
  year      = {2017},
  isbn      = {0521514681},
  month     = mar,
  ean       = {9780521514682},
  pagetotal = {520},
  url       = {https://www.ebook.de/de/product/13782982/subir_sachdev_quantum_phase_transitions.html},
}

@Article{Altman2002,
  author    = {Ehud Altman and Assa Auerbach},
  journal   = {Physical Review Letters},
  title     = {Oscillating {S}uperfluidity of {B}osons in {O}ptical {L}attices},
  year      = {2002},
  number    = {25},
  pages     = {250404},
  volume    = {89},
  doi       = {10.1103/physrevlett.89.250404},
  month     = {dec},
  publisher = {American Physical Society ({APS})},
}

@Article{Kumar2020,
  author    = {P. Sathish Kumar and Igor F. Herbut and R. Ganesh},
  journal   = {Physical Review Research},
  title     = {Dirac {H}amiltonians for bosonic spectra},
  year      = {2020},
  number    = {3},
  pages     = {033035},
  volume    = {2},
  doi       = {10.1103/physrevresearch.2.033035},
  month     = {jul},
  publisher = {American Physical Society ({APS})},
}

@Article{Liu2017,
  author    = {Feng Liu and Katsunori Wakabayashi},
  journal   = {Physical Review Letters},
  title     = {Novel {T}opological {P}hase with a {Z}ero {B}erry {C}urvature},
  year      = {2017},
  number    = {7},
  pages     = {076803},
  volume    = {118},
  doi       = {10.1103/physrevlett.118.076803},
  month     = {feb},
  publisher = {American Physical Society ({APS})},
}

@Article{Fang2012,
  author    = {Chen Fang and Matthew J. Gilbert and B. Andrei Bernevig},
  journal   = {Physical Review B},
  title     = {Bulk topological invariants in noninteracting point group symmetric insulators},
  year      = {2012},
  number    = {11},
  pages     = {115112},
  volume    = {86},
  doi       = {10.1103/physrevb.86.115112},
  month     = {sep},
  publisher = {American Physical Society ({APS})},
}


@Article{Huber2007,
  author    = {S. D. Huber and E. Altman and H. P. BÃ¼chler and G. Blatter},
  journal   = {Physical Review B},
  title     = {Dynamical properties of ultracold bosons in an optical lattice},
  year      = {2007},
  number    = {8},
  pages     = {085106},
  volume    = {75},
  doi       = {10.1103/physrevb.75.085106},
  month     = {feb},
  publisher = {American Physical Society ({APS})},
}

@Article{Frerot2016,
  author    = {Ir{\'{e}}n{\'{e}}e Fr{\'{e}}rot and Tommaso Roscilde},
  journal   = {Physical Review Letters},
  title     = {Entanglement Entropy across the Superfluid-Insulator Transition: A Signature of Bosonic Criticality},
  year      = {2016},
  number    = {19},
  pages     = {190401},
  volume    = {116},
  doi       = {10.1103/physrevlett.116.190401},
  month     = {may},
  publisher = {American Physical Society ({APS})},
}

@Article{Huerga2013,
  author    = {Daniel Huerga and Jorge Dukelsky and Gustavo E. Scuseria},
  journal   = {Physical Review Letters},
  title     = {Composite Boson Mapping for Lattice Boson Systems},
  year      = {2013},
  number    = {4},
  pages     = {045701},
  volume    = {111},
  doi       = {10.1103/physrevlett.111.045701},
  month     = {jul},
  publisher = {American Physical Society ({APS})},
}

@Article{Liberto2018,
  author    = {M. Di Liberto and A. Recati and N. Trivedi and I. Carusotto and C. Menotti},
  journal   = {Physical Review Letters},
  title     = {Particle-Hole Character of the Higgs and Goldstone Modes in Strongly Interacting Lattice Bosons},
  year      = {2018},
  number    = {7},
  pages     = {073201},
  volume    = {120},
  doi       = {10.1103/physrevlett.120.073201},
  month     = {feb},
  publisher = {American Physical Society ({APS})},
}

@Article{Sengupta2005,
  author    = {K. Sengupta and N. Dupuis},
  journal   = {Physical Review A},
  title     = {Mott-insulator{\textendash}to{\textendash}superfluid transition in the {B}ose-{H}ubbard model: {A} strong-coupling approach},
  year      = {2005},
  number    = {3},
  pages     = {033629},
  volume    = {71},
  doi       = {10.1103/physreva.71.033629},
  month     = {mar},
  publisher = {American Physical Society ({APS})},
}

@Article{Liu2015,
  author    = {Longxiang Liu and Kun Chen and Youjin Deng and Manuel Endres and Lode Pollet and Nikolay Prokof{\textquotesingle}ev},
  journal   = {Physical Review B},
  title     = {Massive {G}oldstone ({H}iggs) mode in two-dimensional ultracold atomic lattice systems},
  year      = {2015},
  number    = {17},
  pages     = {174521},
  volume    = {92},
  doi       = {10.1103/physrevb.92.174521},
  month     = {nov},
  publisher = {American Physical Society ({APS})},
}

@Article{Higgs1964,
  author    = {Peter W. Higgs},
  journal   = {Physical Review Letters},
  title     = {Broken {S}ymmetries and the {M}asses of {G}auge {B}osons},
  year      = {1964},
  number    = {16},
  pages     = {508--509},
  volume    = {13},
  doi       = {10.1103/physrevlett.13.508},
  month     = {oct},
  publisher = {American Physical Society ({APS})},
}

@Article{Tsuchiya2018,
  author    = {Shunji Tsuchiya and Daisuke Yamamoto and Ryosuke Yoshii and Muneto Nitta},
  journal   = {Physical Review B},
  title     = {Hidden charge-conjugation, parity, and time-reversal symmetries and massive {G}oldstone ({H}iggs) modes in superconductors},
  year      = {2018},
  number    = {9},
  pages     = {094503},
  volume    = {98},
  doi       = {10.1103/physrevb.98.094503},
  month     = {sep},
  publisher = {American Physical Society ({APS})},
}

@Article{Su2020,
  author    = {Ying Su and A. Masaki-Kato and Wei Zhu and Jian-Xin Zhu and Yoshitomo Kamiya and Shi-Zeng Lin},
  journal   = {Physical Review B},
  title     = {Stable {H}iggs mode in anisotropic quantum magnets},
  year      = {2020},
  number    = {12},
  pages     = {125102},
  volume    = {102},
  doi       = {10.1103/physrevb.102.125102},
  month     = {sep},
  publisher = {American Physical Society ({APS})},
}


@Article{Prodan2009,
  author    = {Emil Prodan and Camelia Prodan},
  journal   = {Physical Review Letters},
  title     = {Topological {P}honon {M}odes and {T}heir {R}ole in {D}ynamic {I}nstability of {M}icrotubules},
  year      = {2009},
  number    = {24},
  pages     = {248101},
  volume    = {103},
  doi       = {10.1103/physrevlett.103.248101},
  month     = {dec},
  publisher = {American Physical Society ({APS})},
}


@Article{Pan2016,
  author    = {Jian-Song Pan and Wei Zhang and Wei Yi and Guang-Can Guo},
  journal   = {Physical Review A},
  title     = {Bose-{E}instein condensate in an optical lattice with {R}aman-assisted two-dimensional spin-orbit coupling},
  year      = {2016},
  number    = {4},
  pages     = {043619},
  volume    = {94},
  doi       = {10.1103/physreva.94.043619},
  month     = {oct},
  publisher = {American Physical Society ({APS})},
}

@Book{Auerbach1994,
  author    = {Assa Auerbach},
  publisher = {Springer New York},
  title     = {Interacting {E}lectrons and {Q}uantum {M}agnetism},
  year      = {1994},
  doi       = {10.1007/978-1-4612-0869-3},
}

@Article{Wang2020,
  author    = {Junsen Wang and Wei Zheng and Youjin Deng},
  journal   = {Physical Review A},
  title     = {Pseudo-time-reversal-symmetry-protected topological {B}ogoliubov excitations of {B}ose-{E}instein condensates in optical lattices},
  year      = {2020},
  number    = {4},
  pages     = {043323},
  volume    = {102},
  doi       = {10.1103/physreva.102.043323},
  month     = {oct},
  publisher = {American Physical Society ({APS})},
}

@Article{Yusupov2010,
  author    = {Roman Yusupov and Tomaz Mertelj and Viktor V. Kabanov and Serguei Brazovskii and Primoz Kusar and Jiun-Haw Chu and Ian R. Fisher and Dragan Mihailovic},
  journal   = {Nature Physics},
  title     = {Coherent dynamics of macroscopic electronic order through a symmetry breaking transition},
  year      = {2010},
  number    = {9},
  pages     = {681--684},
  volume    = {6},
  doi       = {10.1038/nphys1738},
  month     = {aug},
  publisher = {Springer Science and Business Media {LLC}},
}

@Article{Podolsky2011,
  author    = {Daniel Podolsky and Assa Auerbach and Daniel P. Arovas},
  journal   = {Physical Review B},
  title     = {Visibility of the amplitude (Higgs) mode in condensed matter},
  year      = {2011},
  number    = {17},
  pages     = {174522},
  volume    = {84},
  doi       = {10.1103/physrevb.84.174522},
  month     = {nov},
  publisher = {American Physical Society ({APS})},
}

@article{ShunQingShen,
  title = {Topological {A}nderson Insulator},
  author = {Li, Jian and Chu, Rui-Lin and Jain, J. K. and Shen, Shun-Qing},
  journal = {Phys. Rev. Lett.},
  volume = {102},
  issue = {13},
  pages = {136806},
  numpages = {4},
  year = {2009},
  month = {Apr},
  publisher = {American Physical Society},
  doi = {10.1103/PhysRevLett.102.136806},
  url = {https://link.aps.org/doi/10.1103/PhysRevLett.102.136806}
}


@Article{Wu_2016,
  author    = {Z. Wu and L. Zhang and W. Sun and X.-T. Xu and B.-Z. Wang and S.-C. Ji and Y. Deng and S. Chen and X.-J. Liu and J.-W. Pan},
  title     = {Realization of two-dimensional spin-orbit coupling for Bose-Einstein condensates},
  journal   = {Science},
  year      = {2016},
  volume    = {354},
  number    = {6308},
  month     = {oct},
  pages     = {83--88},
  doi       = {10.1126/science.aaf6689},
  publisher = {American Association for the Advancement of Science ({AAAS})},
}

@Article{Lieu2018,
  author    = {Simon Lieu},
  title     = {Topological symmetry classes for non-Hermitian models and connections to the bosonic Bogoliubov{\textendash}de Gennes equation},
  doi       = {10.1103/physrevb.98.115135},
  number    = {11},
  volume    = {98},
  journal   = {Physical Review B},
  month     = {sep},
  publisher = {American Physical Society ({APS})},
  year      = {2018},
}

@Article{Colpa1978,
  author    = {J. H. P. Colpa},
  title     = {Diagonalization of the quadratic boson hamiltonian},
  doi       = {10.1016/0378-4371(78)90160-7},
  number    = {3-4},
  pages     = {327--353},
  volume    = {93},
  journal   = {Physica A: Statistical Mechanics and its Applications},
  month     = {sep},
  publisher = {Elsevier {BV}},
  year      = {1978},
}

@Article{Derezinski2017,
  author    = {Jan Derezi{\'{n}}ski},
  title     = {Bosonic quadratic Hamiltonians},
  doi       = {10.1063/1.5017931},
  number    = {12},
  pages     = {121101},
  volume    = {58},
  journal   = {Journal of Mathematical Physics},
  month     = {dec},
  publisher = {{AIP} Publishing},
  year      = {2017},
}

@Article{Lee1969,
  author    = {T. D. Lee and G. C. Wick},
  title     = {Negative metric and the unitarity of the S-matrix},
  doi       = {10.1016/0550-3213(69)90098-4},
  number    = {2},
  pages     = {209--243},
  volume    = {9},
  journal   = {Nuclear Physics B},
  month     = {feb},
  publisher = {Elsevier {BV}},
  year      = {1969},
}

@Article{Brody2013,
  author    = {Dorje C. Brody},
  title     = {Biorthogonal quantum mechanics},
  doi       = {10.1088/1751-8113/47/3/035305},
  number    = {3},
  pages     = {035305},
  volume    = {47},
  journal   = {Journal of Physics A: Mathematical and Theoretical},
  month     = {dec},
  publisher = {{IOP} Publishing},
  year      = {2013},
}

@Book{Goldstein2002,
  author    = {Goldstein, Herbert},
  title     = {Classical mechanics},
  isbn      = {9780201657029},
  publisher = {Addison Wesley},
  address   = {San Francisco},
  year      = {2002},
}

@Article{Takahashi2015,
  author    = {Daisuke A. Takahashi and Muneto Nitta},
  title     = {Counting rule of Nambu{\textendash}Goldstone modes for internal and spacetime symmetries: Bogoliubov theory approach},
  doi       = {10.1016/j.aop.2014.12.009},
  pages     = {101--156},
  volume    = {354},
  journal   = {Annals of Physics},
  month     = {mar},
  publisher = {Elsevier {BV}},
  year      = {2015},
}

@Article{Watanabe2020,
  author    = {Haruki Watanabe},
  title     = {Counting Rules of Nambu{\textendash}Goldstone Modes},
  doi       = {10.1146/annurev-conmatphys-031119-050644},
  number    = {1},
  pages     = {169--187},
  volume    = {11},
  journal   = {Annual Review of Condensed Matter Physics},
  month     = {mar},
  publisher = {Annual Reviews},
  year      = {2020},
}

@Article{Cloizeaux1964,
  author    = {Jacques Des Cloizeaux},
  title     = {Energy Bands and Projection Operators in a Crystal: Analytic and Asymptotic Properties},
  doi       = {10.1103/physrev.135.a685},
  number    = {3A},
  pages     = {A685--A697},
  volume    = {135},
  journal   = {Physical Review},
  month     = {aug},
  publisher = {American Physical Society ({APS})},
  year      = {1964},
}

@Article{Cloizeaux1960,
  author    = {Jacques des Cloizeaux},
  title     = {Extension d{\textquotesingle}une formule de Lagrange {\`{a}} des probl{\`{e}}mes de valeurs propres},
  doi       = {10.1016/0029-5582(60)90177-2},
  pages     = {321--346},
  volume    = {20},
  journal   = {Nuclear Physics},
  month     = {oct},
  publisher = {Elsevier {BV}},
  year      = {1960},
}

@Article{Wu2015,
  author    = {Long-Hua Wu and Xiao Hu},
  title     = {Scheme for Achieving a Topological Photonic Crystal by Using Dielectric Material},
  doi       = {10.1103/physrevlett.114.223901},
  number    = {22},
  volume    = {114},
  journal   = {Physical Review Letters},
  month     = {jun},
  publisher = {American Physical Society ({APS})},
  year      = {2015},
}

@Article{Kondo2019,
  author    = {Hiroki Kondo and Yutaka Akagi and Hosho Katsura},
  title     = {Z2 topological invariant for magnon spin Hall systems},
  doi       = {10.1103/physrevb.99.041110},
  number    = {4},
  volume    = {99},
  journal   = {Physical Review B},
  month     = {jan},
  publisher = {American Physical Society ({APS})},
  year      = {2019},
}

@Article{Yu2011,
  author    = {Rui Yu and Xiao Liang Qi and Andrei Bernevig and Zhong Fang and Xi Dai},
  title     = {Equivalent expression {ofZ}2topological invariant for band insulators using the non-Abelian Berry connection},
  doi       = {10.1103/physrevb.84.075119},
  number    = {7},
  volume    = {84},
  journal   = {Physical Review B},
  month     = {aug},
  publisher = {American Physical Society ({APS})},
  year      = {2011},
}

@Article{Fu2006,
  author    = {Liang Fu and C. L. Kane},
  title     = {Time reversal polarization and {aZ}2adiabatic spin pump},
  doi       = {10.1103/physrevb.74.195312},
  number    = {19},
  volume    = {74},
  journal   = {Physical Review B},
  month     = {nov},
  publisher = {American Physical Society ({APS})},
  year      = {2006},
}

@Article{Kivelson1982,
  author    = {S. Kivelson},
  title     = {Wannier functions in one-dimensional disordered systems: Application to fractionally charged solitons},
  doi       = {10.1103/physrevb.26.4269},
  number    = {8},
  pages     = {4269--4277},
  volume    = {26},
  journal   = {Physical Review B},
  month     = {oct},
  publisher = {American Physical Society ({APS})},
  year      = {1982},
}

@InProceedings{Resta2000,
  author    = {Raffaele Resta},
  booktitle = {{AIP} Conference Proceedings},
  title     = {What makes an insulator different from a metal?},
  doi       = {10.1063/1.1324441},
  publisher = {{AIP}},
  year      = {2000},
}

@Article{Aligia1999,
  author    = {A. A. Aligia and G. Ortiz},
  title     = {Quantum Mechanical Position Operator and Localization in Extended Systems},
  doi       = {10.1103/physrevlett.82.2560},
  number    = {12},
  pages     = {2560--2563},
  volume    = {82},
  journal   = {Physical Review Letters},
  month     = {mar},
  publisher = {American Physical Society ({APS})},
  year      = {1999},
}

@Book{Asboth2016,
  author    = {J{\'{a}}nos K. Asb{\'{o}}th and L{\'{a}}szl{\'{o}} Oroszl{\'{a}}ny and Andr{\'{a}}s P{\'{a}}lyi},
  title     = {A Short Course on Topological Insulators},
  doi       = {10.1007/978-3-319-25607-8},
  publisher = {Springer International Publishing},
  year      = {2016},
}

@Article{1942a,
  author    = {Paul Adrien Maurice Dirac},
  title     = {Bakerian Lecture - The physical interpretation of quantum mechanics},
  doi       = {10.1098/rspa.1942.0023},
  number    = {980},
  pages     = {1--40},
  volume    = {180},
  journal   = {Proceedings of the Royal Society of London. Series A. Mathematical and Physical Sciences},
  month     = {mar},
  publisher = {The Royal Society},
  year      = {1942},
}

@Article{Pauli1943,
  author    = {W. Pauli},
  title     = {On Dirac{\textquotesingle}s New Method of Field Quantization},
  doi       = {10.1103/revmodphys.15.175},
  number    = {3},
  pages     = {175--207},
  volume    = {15},
  journal   = {Reviews of Modern Physics},
  month     = {jul},
  publisher = {American Physical Society ({APS})},
  year      = {1943},
}

@Article{Lein2019,
  author    = {Max Lein and Koji Sato},
  title     = {Krein-SchrÃ¶dinger formalism of bosonic Bogoliubov{\textendash}de Gennes and certain classical systems and their topological classification},
  doi       = {10.1103/physrevb.100.075414},
  number    = {7},
  volume    = {100},
  journal   = {Physical Review B},
  month     = {aug},
  publisher = {American Physical Society ({APS})},
  year      = {2019},
}

@Article{Engelhardt2015,
  author    = {G. Engelhardt and T. Brandes},
  title     = {Topological Bogoliubov excitations in inversion-symmetric systems of interacting bosons},
  doi       = {10.1103/physreva.91.053621},
  number    = {5},
  volume    = {91},
  journal   = {Physical Review A},
  month     = {may},
  publisher = {American Physical Society ({APS})},
  year      = {2015},
}

@Book{Blaizot1986,
  author    = {Blaizot},
  title     = {Quantum theory of finite systems},
  isbn      = {9780262022149},
  publisher = {MIT Press},
  address   = {Cambridge, Mass},
  year      = {1986},
}

@Book{Zee2016,
  author    = {Zee, A},
  title     = {Group theory in a nutshell for physicists},
  isbn      = {9780691162690},
  publisher = {Princeton University Press},
  address   = {Princeton, New Jersey},
  year      = {2016},
}

@Article{Shen2018,
  author    = {Huitao Shen and Bo Zhen and Liang Fu},
  title     = {Topological Band Theory for Non-Hermitian Hamiltonians},
  doi       = {10.1103/physrevlett.120.146402},
  number    = {14},
  volume    = {120},
  journal   = {Physical Review Letters},
  month     = {apr},
  publisher = {American Physical Society ({APS})},
  year      = {2018},
}

@Book{Sakurai2014,
  author    = {Sakurai, J. J.},
  title     = {Modern quantum mechanics},
  isbn      = {9781292024103},
  publisher = {Pearson Education},
  address   = {Harlow, Essex},
  year      = {2014},
}

@Article{Kane2005,
  author    = {C. L. Kane and E. J. Mele},
  title     = {Z2Topological Order and the Quantum Spin Hall Effect},
  doi       = {10.1103/physrevlett.95.146802},
  number    = {14},
  volume    = {95},
  journal   = {Physical Review Letters},
  month     = {sep},
  publisher = {American Physical Society ({APS})},
  year      = {2005},
}

@Misc{supp,
  title = {See Supplemental materials, which includes discussions on (1) properties of two sewing matrices and {P}faffian, (2) details on pseudo-time-reversal polarization, (3) details on simplified formula due to {IS}, (4) properties of {W}ilson loop operator, (5) details on mean-field analysis of the {BKM} model and the {BBHZ} model.},
}

@Article{Haldane1988,
  author    = {F. D. M. Haldane},
  title     = {Model for a Quantum Hall Effect without Landau Levels: Condensed-Matter Realization of the "Parity Anomaly"},
  doi       = {10.1103/physrevlett.61.2015},
  number    = {18},
  pages     = {2015--2018},
  volume    = {61},
  journal   = {Physical Review Letters},
  month     = {oct},
  publisher = {American Physical Society ({APS})},
  year      = {1988},
}

@Article{Vasic2015,
  author    = {Ivana Vasi{\'{c}} and Alexandru Petrescu and Karyn Le Hur and Walter Hofstetter},
  title     = {Chiral bosonic phases on the Haldane honeycomb lattice},
  doi       = {10.1103/physrevb.91.094502},
  number    = {9},
  volume    = {91},
  journal   = {Physical Review B},
  month     = {mar},
  publisher = {American Physical Society ({APS})},
  year      = {2015},
}

@Article{Furukawa2015,
  author    = {Shunsuke Furukawa and Masahito Ueda},
  title     = {Excitation band topology and edge matter waves in Bose{\textendash}Einstein condensates in optical lattices},
  doi       = {10.1088/1367-2630/17/11/115014},
  number    = {11},
  pages     = {115014},
  volume    = {17},
  journal   = {New Journal of Physics},
  month     = {nov},
  publisher = {{IOP} Publishing},
  year      = {2015},
}

@Article{Wang2010,
  author    = {Chunji Wang and Chao Gao and Chao-Ming Jian and Hui Zhai},
  title     = {Spin-Orbit Coupled Spinor Bose-Einstein Condensates},
  doi       = {10.1103/physrevlett.105.160403},
  number    = {16},
  volume    = {105},
  journal   = {Physical Review Letters},
  month     = {oct},
  publisher = {American Physical Society ({APS})},
  year      = {2010},
}

@Article{Jotzu2014,
  author    = {Gregor Jotzu and Michael Messer and R{\'{e}}mi Desbuquois and Martin Lebrat and Thomas Uehlinger and Daniel Greif and Tilman Esslinger},
  title     = {Experimental realization of the topological Haldane model with ultracold fermions},
  doi       = {10.1038/nature13915},
  number    = {7526},
  pages     = {237--240},
  volume    = {515},
  journal   = {Nature},
  month     = {nov},
  publisher = {Springer Science and Business Media {LLC}},
  year      = {2014},
}

@Article{Fukui2007,
  author    = {Takahiro Fukui and Yasuhiro Hatsugai},
  title     = {Quantum Spin Hall Effect in Three Dimensional Materials: Lattice Computation of Z2Topological Invariants and Its Application to Bi and Sb},
  doi       = {10.1143/jpsj.76.053702},
  number    = {5},
  pages     = {053702},
  volume    = {76},
  journal   = {Journal of the Physical Society of Japan},
  month     = {may},
  publisher = {Physical Society of Japan},
  year      = {2007},
}

@Article{Kawaguchi2012,
  author    = {Yuki Kawaguchi and Masahito Ueda},
  title     = {Spinor Bose{\textendash}Einstein condensates},
  doi       = {10.1016/j.physrep.2012.07.005},
  number    = {5},
  pages     = {253--381},
  volume    = {520},
  journal   = {Physics Reports},
  month     = {nov},
  publisher = {Elsevier {BV}},
  year      = {2012},
}

@Article{Liu2014,
  author    = {Xiong-Jun Liu and K.{\hspace{0.167em}}T. Law and T.{\hspace{0.167em}}K. Ng},
  title     = {Realization of 2D Spin-Orbit Interaction and Exotic Topological Orders in Cold Atoms},
  doi       = {10.1103/physrevlett.112.086401},
  number    = {8},
  volume    = {112},
  journal   = {Physical Review Letters},
  month     = {feb},
  publisher = {American Physical Society ({APS})},
  year      = {2014},
}

@Article{Lang2017,
  author    = {Li-Jun Lang and Shao-Liang Zhang and Qi Zhou},
  title     = {Nodal Brillouin-zone boundary from folding a Chern insulator},
  doi       = {10.1103/physreva.95.053615},
  number    = {5},
  volume    = {95},
  journal   = {Physical Review A},
  month     = {may},
  publisher = {American Physical Society ({APS})},
  year      = {2017},
}

@Article{Bernevig2006,
  author    = {B. A. Bernevig and T. L. Hughes and S.-C. Zhang},
  title     = {Quantum Spin Hall Effect and Topological Phase Transition in {HgTe} Quantum Wells},
  doi       = {10.1126/science.1133734},
  number    = {5806},
  pages     = {1757--1761},
  volume    = {314},
  journal   = {Science},
  month     = {dec},
  publisher = {American Association for the Advancement of Science ({AAAS})},
  year      = {2006},
}

@Article{Qi2006,
  author    = {Xiao-Liang Qi and Yong-Shi Wu and Shou-Cheng Zhang},
  title     = {Topological quantization of the spin {H}all effect in two-dimensional paramagnetic semiconductors},
  doi       = {10.1103/physrevb.74.085308},
  number    = {8},
  volume    = {74},
  journal   = {Physical Review B},
  month     = {aug},
  publisher = {American Physical Society ({APS})},
  year      = {2006},
}

@Article{Fu2007,
  author    = {Liang Fu and C. L. Kane},
  title     = {Topological insulators with inversion symmetry},
  doi       = {10.1103/physrevb.76.045302},
  number    = {4},
  volume    = {76},
  journal   = {Physical Review B},
  month     = {jul},
  publisher = {American Physical Society ({APS})},
  year      = {2007},
}

@Article{Peano2018,
  author    = {Vittorio Peano and Hermann Schulz-Baldes},
  title     = {Topological edge states for disordered bosonic systems},
  doi       = {10.1063/1.5002094},
  number    = {3},
  pages     = {031901},
  volume    = {59},
  journal   = {Journal of Mathematical Physics},
  month     = {mar},
  publisher = {{AIP} Publishing},
  year      = {2018},
}

@Article{SchulzBaldes2016,
  author    = {Hermann Schulz-Baldes and Carlos Villegas-Blas},
  title     = {Signatures for J-hermitians and J-unitaries on Krein spaces with Real structures},
  doi       = {10.1002/mana.201600018},
  number    = {11-12},
  pages     = {1840--1858},
  volume    = {290},
  journal   = {Mathematische Nachrichten},
  month     = {dec},
  publisher = {Wiley},
  year      = {2016},
}

@Article{Chiu2016,
  author    = {Ching-Kai Chiu and Jeffrey C.{\hspace{0.167em}}Y. Teo and Andreas P. Schnyder and Shinsei Ryu},
  title     = {Classification of topological quantum matter with symmetries},
  doi       = {10.1103/revmodphys.88.035005},
  number    = {3},
  volume    = {88},
  journal   = {Reviews of Modern Physics},
  month     = {aug},
  publisher = {American Physical Society ({APS})},
  year      = {2016},
}

@article{Zirnbauer2018,
   title={Symmetry classes},
   url={http://dx.doi.org/10.1093/oxfordhb/9780198744191.013.3},
   DOI={10.1093/oxfordhb/9780198744191.013.3},
   journal={Oxford Handbooks Online},
   publisher={Oxford University Press},
   author={Zirnbauer, Martin R.},
   editor={Akemann, Gernot and Baik, Jinho and Di Francesco, PhilippeEditors},
   year={2018},
   month={Aug}
}

@Article{Altland1997,
  author    = {Alexander Altland and Martin R. Zirnbauer},
  title     = {Nonstandard symmetry classes in mesoscopic normal-superconducting hybrid structures},
  doi       = {10.1103/physrevb.55.1142},
  number    = {2},
  pages     = {1142--1161},
  volume    = {55},
  journal   = {Physical Review B},
  month     = {jan},
  publisher = {American Physical Society ({APS})},
  year      = {1997},
}

@Article{Shindou2013,
  author    = {Ryuichi Shindou and Ryo Matsumoto and Shuichi Murakami and Jun-ichiro Ohe},
  title     = {Topological chiral magnonic edge mode in a magnonic crystal},
  doi       = {10.1103/physrevb.87.174427},
  number    = {17},
  volume    = {87},
  journal   = {Physical Review B},
  month     = {may},
  publisher = {American Physical Society ({APS})},
  year      = {2013},
}

@Article{Chisnell2015,
  author    = {R. Chisnell and J.{\hspace{0.167em}}S. Helton and D.{\hspace{0.167em}}E. Freedman and D.{\hspace{0.167em}}K. Singh and R.{\hspace{0.167em}}I. Bewley and D.{\hspace{0.167em}}G. Nocera and Y.{\hspace{0.167em}}S. Lee},
  title     = {Topological Magnon Bands in a Kagome Lattice Ferromagnet},
  doi       = {10.1103/physrevlett.115.147201},
  number    = {14},
  volume    = {115},
  journal   = {Physical Review Letters},
  month     = {sep},
  publisher = {American Physical Society ({APS})},
  year      = {2015},
}

@Article{Raghu2008,
  author    = {S. Raghu and F. D. M. Haldane},
  title     = {Analogs of quantum-Hall-effect edge states in photonic crystals},
  doi       = {10.1103/physreva.78.033834},
  number    = {3},
  volume    = {78},
  journal   = {Physical Review A},
  month     = {sep},
  publisher = {American Physical Society ({APS})},
  year      = {2008},
}

@Article{Peano2016,
  author    = {Vittorio Peano and Martin Houde and Christian Brendel and Florian Marquardt and Aashish A. Clerk},
  title     = {Topological phase transitions and chiral inelastic transport induced by the squeezing of light},
  doi       = {10.1038/ncomms10779},
  number    = {1},
  volume    = {7},
  journal   = {Nature Communications},
  month     = {mar},
  publisher = {Springer Science and Business Media {LLC}},
  year      = {2016},
}

@Article{Liberto2016,
  author    = {M. Di Liberto and A. Hemmerich and C. Morais Smith},
  title     = {Topological Varma Superfluid in Optical Lattices},
  doi       = {10.1103/physrevlett.117.163001},
  number    = {16},
  volume    = {117},
  journal   = {Physical Review Letters},
  month     = {oct},
  publisher = {American Physical Society ({APS})},
  year      = {2016},
}

@Article{Xu2016,
  author    = {Zhi-Fang Xu and Li You and Andreas Hemmerich and W. Vincent Liu},
  title     = {$\pi$-Flux Dirac Bosons and Topological Edge Excitations in a Bosonic Chiral p-Wave Superfluid},
  doi       = {10.1103/physrevlett.117.085301},
  number    = {8},
  volume    = {117},
  journal   = {Physical Review Letters},
  month     = {aug},
  publisher = {American Physical Society ({APS})},
  year      = {2016},
}

@Article{Fu2011,
  author    = {Liang Fu},
  title     = {Topological Crystalline Insulators},
  doi       = {10.1103/physrevlett.106.106802},
  number    = {10},
  volume    = {106},
  journal   = {Physical Review Letters},
  month     = {mar},
  publisher = {American Physical Society ({APS})},
  year      = {2011},
}

@Article{Chang2018,
  author    = {Po-Yao Chang},
  title     = {Topology and entanglement in quench dynamics},
  doi       = {10.1103/physrevb.97.224304},
  number    = {22},
  volume    = {97},
  journal   = {Physical Review B},
  month     = {jun},
  publisher = {American Physical Society ({APS})},
  year      = {2018},
}

@Article{Yang2018,
  author    = {Chao Yang and Linhu Li and Shu Chen},
  title     = {Dynamical topological invariant after a quantum quench},
  doi       = {10.1103/physrevb.97.060304},
  number    = {6},
  volume    = {97},
  journal   = {Physical Review B},
  month     = {feb},
  publisher = {American Physical Society ({APS})},
  year      = {2018},
}

@Article{Gong2018,
  author    = {Zongping Gong and Masahito Ueda},
  title     = {Topological Entanglement-Spectrum Crossing in Quench Dynamics},
  doi       = {10.1103/physrevlett.121.250601},
  number    = {25},
  volume    = {121},
  journal   = {Physical Review Letters},
  month     = {dec},
  publisher = {American Physical Society ({APS})},
  year      = {2018},
}

@Article{Qiu2018,
  author    = {Xingze Qiu and Tian-Shu Deng and Guang-Can Guo and Wei Yi},
  title     = {Dynamical topological invariants and reduced rate functions for dynamical quantum phase transitions in two dimensions},
  doi       = {10.1103/physreva.98.021601},
  number    = {2},
  volume    = {98},
  journal   = {Physical Review A},
  month     = {aug},
  publisher = {American Physical Society ({APS})},
  year      = {2018},
}

@Article{Kawabata2018,
  author    = {Kohei Kawabata and Ken Shiozaki and Masahito Ueda},
  title     = {Anomalous helical edge states in a non-Hermitian Chern insulator},
  doi       = {10.1103/physrevb.98.165148},
  number    = {16},
  volume    = {98},
  journal   = {Physical Review B},
  month     = {oct},
  publisher = {American Physical Society ({APS})},
  year      = {2018},
}

@Article{Yao2018,
  author    = {Shunyu Yao and Zhong Wang},
  title     = {Edge States and Topological Invariants of Non-Hermitian Systems},
  doi       = {10.1103/physrevlett.121.086803},
  number    = {8},
  volume    = {121},
  journal   = {Physical Review Letters},
  month     = {aug},
  publisher = {American Physical Society ({APS})},
  year      = {2018},
}

@Article{Kawabata2019,
  author    = {Kohei Kawabata and Sho Higashikawa and Zongping Gong and Yuto Ashida and Masahito Ueda},
  title     = {Topological unification of time-reversal and particle-hole symmetries in non-Hermitian physics},
  doi       = {10.1038/s41467-018-08254-y},
  number    = {1},
  volume    = {10},
  journal   = {Nature Communications},
  month     = {jan},
  publisher = {Springer Science and Business Media {LLC}},
  year      = {2019},
}

@Article{Wang2008,
  author    = {Zheng Wang and Y. D. Chong and John D. Joannopoulos and Marin Solja{\v{c}}i{\'{c}}},
  title     = {Reflection-Free One-Way Edge Modes in a Gyromagnetic Photonic Crystal},
  doi       = {10.1103/physrevlett.100.013905},
  number    = {1},
  volume    = {100},
  journal   = {Physical Review Letters},
  month     = {jan},
  publisher = {American Physical Society ({APS})},
  year      = {2008},
}

@Article{Rechtsman2013,
  author    = {Mikael C. Rechtsman and Julia M. Zeuner and Yonatan Plotnik and Yaakov Lumer and Daniel Podolsky and Felix Dreisow and Stefan Nolte and Mordechai Segev and Alexander Szameit},
  title     = {Photonic Floquet topological insulators},
  doi       = {10.1038/nature12066},
  number    = {7444},
  pages     = {196--200},
  volume    = {496},
  journal   = {Nature},
  month     = {apr},
  publisher = {Springer Science and Business Media {LLC}},
  year      = {2013},
}

@Article{Fleury2014,
  author    = {R. Fleury and D. L. Sounas and C. F. Sieck and M. R. Haberman and A. Alu},
  title     = {Sound Isolation and Giant Linear Nonreciprocity in a Compact Acoustic Circulator},
  doi       = {10.1126/science.1246957},
  number    = {6170},
  pages     = {516--519},
  volume    = {343},
  journal   = {Science},
  month     = {jan},
  publisher = {American Association for the Advancement of Science ({AAAS})},
  year      = {2014},
}

@Article{SafaviNaeini2014,
  author    = {Amir H. Safavi-Naeini and Jeff T. Hill and Se{\'{a}}n Meenehan and Jasper Chan and Simon GrÃ¶blacher and Oskar Painter},
  title     = {Two-Dimensional Phononic-Photonic Band Gap Optomechanical Crystal Cavity},
  doi       = {10.1103/physrevlett.112.153603},
  number    = {15},
  volume    = {112},
  journal   = {Physical Review Letters},
  month     = {apr},
  publisher = {American Physical Society ({APS})},
  year      = {2014},
}

@Article{Peano2015,
  author    = {V. Peano and C. Brendel and M. Schmidt and F. Marquardt},
  title     = {Topological Phases of Sound and Light},
  doi       = {10.1103/physrevx.5.031011},
  number    = {3},
  volume    = {5},
  journal   = {Physical Review X},
  month     = {jul},
  publisher = {American Physical Society ({APS})},
  year      = {2015},
}

@Article{Suesstrunk2015,
  author    = {Roman SÃ¼sstrunk and Sebastian D. Huber},
  title     = {Observation of phononic helical edge states in a mechanical topological insulator},
  doi       = {10.1126/science.aab0239},
  number    = {6243},
  pages     = {47--50},
  volume    = {349},
  journal   = {Science},
  month     = {jul},
  publisher = {American Association for the Advancement of Science ({AAAS})},
  year      = {2015},
}

@Article{Kondo2019a,
  author    = {Hiroki Kondo and Yutaka Akagi and Hosho Katsura},
  title     = {Three-dimensional topological magnon systems},
  doi       = {10.1103/physrevb.100.144401},
  number    = {14},
  volume    = {100},
  journal   = {Physical Review B},
  month     = {oct},
  publisher = {American Physical Society ({APS})},
  year      = {2019},
}

@Book{Bender2019,
  author    = {Carl M Bender and Patrick E Dorey and Clare Dunning and Andreas Fring and Daniel W Hook and Hugh F Jones and Sergii Kuzhel and G{\'{e}}za L{\'{e}}vai and Roberto Tateo},
  title     = {{PT} Symmetry},
  doi       = {10.1142/q0178},
  publisher = {{WORLD} {SCIENTIFIC} ({EUROPE})},
  month     = {jan},
  year      = {2019},
}

@Article{Fu2007a,
  author    = {Liang Fu and C. L. Kane and E. J. Mele},
  title     = {Topological Insulators in Three Dimensions},
  doi       = {10.1103/physrevlett.98.106803},
  number    = {10},
  volume    = {98},
  journal   = {Physical Review Letters},
  month     = {mar},
  publisher = {American Physical Society ({APS})},
  year      = {2007},
}

@Article{Goldman2013,
  author    = {N. Goldman and J. Dalibard and A. Dauphin and F. Gerbier and M. Lewenstein and P. Zoller and I. B. Spielman},
  title     = {Direct imaging of topological edge states in cold-atom systems},
  doi       = {10.1073/pnas.1300170110},
  number    = {17},
  pages     = {6736--6741},
  volume    = {110},
  journal   = {Proceedings of the National Academy of Sciences},
  month     = {apr},
  publisher = {Proceedings of the National Academy of Sciences},
  year      = {2013},
}

@Article{Goldman2012,
  author    = {Nathan Goldman and J{\'{e}}r{\^{o}}me Beugnon and Fabrice Gerbier},
  title     = {Detecting Chiral Edge States in the Hofstadter Optical Lattice},
  doi       = {10.1103/physrevlett.108.255303},
  number    = {25},
  volume    = {108},
  journal   = {Physical Review Letters},
  month     = {jun},
  publisher = {American Physical Society ({APS})},
  year      = {2012},
}

@Article{Goldman2013a,
  author    = {Nathan Goldman and J{\'{e}}r{\^{o}}me Beugnon and Fabrice Gerbier},
  title     = {Identifying topological edge states in 2D optical lattices using light scattering},
  doi       = {10.1140/epjst/e2013-01762-x},
  number    = {1},
  pages     = {135--152},
  volume    = {217},
  journal   = {The European Physical Journal Special Topics},
  month     = {feb},
  publisher = {Springer Science and Business Media {LLC}},
  year      = {2013},
}

@Article{Ando2015,
  author    = {Yoichi Ando and Liang Fu},
  title     = {Topological Crystalline Insulators and Topological Superconductors: From Concepts to Materials},
  doi       = {10.1146/annurev-conmatphys-031214-014501},
  number    = {1},
  pages     = {361--381},
  volume    = {6},
  journal   = {Annual Review of Condensed Matter Physics},
  month     = {mar},
  publisher = {Annual Reviews},
  year      = {2015},
}

@Article{Celi2015,
  author    = {A. Celi and L. Tarruell},
  title     = {Probing the edge with cold atoms},
  doi       = {10.1126/science.aac7605},
  number    = {6255},
  pages     = {1450--1451},
  volume    = {349},
  journal   = {Science},
  month     = {sep},
  publisher = {American Association for the Advancement of Science ({AAAS})},
  year      = {2015},
}

@Book{peskin1995an,
  author    = {Michael E. Peskin and Daniel V. Schroeder},
  title     = {An Introduction To Quantum Field Theory},
  isbn      = {9780813345437},
  publisher = {Westview Press},
  address   = {New York},
  year      = {1995},
}

@Article{Hasan2010,
  author    = {M. Z. Hasan and C. L. Kane},
  title     = {Colloquium: Topological insulators},
  doi       = {10.1103/revmodphys.82.3045},
  number    = {4},
  pages     = {3045--3067},
  volume    = {82},
  journal   = {Reviews of Modern Physics},
  month     = {nov},
  publisher = {American Physical Society ({APS})},
  year      = {2010},
}

@Article{Qi2011,
  author    = {Xiao-Liang Qi and Shou-Cheng Zhang},
  title     = {Topological insulators and superconductors},
  doi       = {10.1103/revmodphys.83.1057},
  number    = {4},
  pages     = {1057--1110},
  volume    = {83},
  journal   = {Reviews of Modern Physics},
  month     = {oct},
  publisher = {American Physical Society ({APS})},
  year      = {2011},
}

@Book{Bernevig2013,
  author    = {B. Andrei Bernevig},
  title     = {Topological Insulators and Topological Superconductors},
  doi       = {10.1515/9781400846733},
  publisher = {Princeton University Press},
  month     = {dec},
  year      = {2013},
}

@Article{Ernst2009,
  author    = {Philipp T. Ernst and SÃ¶ren GÃ¶tze and Jasper S. Krauser and Karsten Pyka and Dirk-SÃ¶ren LÃ¼hmann and Daniela Pfannkuche and Klaus Sengstock},
  title     = {Probing superfluids in optical lattices by momentum-resolved Bragg spectroscopy},
  doi       = {10.1038/nphys1476},
  number    = {1},
  pages     = {56--61},
  volume    = {6},
  journal   = {Nature Physics},
  month     = {nov},
  publisher = {Springer Science and Business Media {LLC}},
  year      = {2009},
}

@Article{Sun2018,
  author    = {Wei Sun and Bao-Zong Wang and Xiao-Tian Xu and Chang-Rui Yi and Long Zhang and Zhan Wu and Youjin Deng and Xiong-Jun Liu and Shuai Chen and Jian-Wei Pan},
  title     = {Highly Controllable and Robust 2D Spin-Orbit Coupling for Quantum Gases},
  doi       = {10.1103/physrevlett.121.150401},
  number    = {15},
  volume    = {121},
  journal   = {Physical Review Letters},
  month     = {oct},
  publisher = {American Physical Society ({APS})},
  year      = {2018},
}

@Article{Wu2017,
  author    = {Ya-Jie Wu and Wen-Yan Zhou and Su-Peng Kou},
  title     = {Bogoliubov excitations in the Bose-Hubbard extension of a Weyl semimetal},
  doi       = {10.1103/physreva.95.023620},
  number    = {2},
  volume    = {95},
  journal   = {Physical Review A},
  month     = {feb},
  publisher = {American Physical Society ({APS})},
  year      = {2017},
}

@Article{You2012,
  author    = {Yi-Zhuang You and Zhu Chen and Xiao-Qi Sun and Hui Zhai},
  title     = {Superfluidity of Bosons in Kagome Lattices with Frustration},
  doi       = {10.1103/physrevlett.109.265302},
  number    = {26},
  volume    = {109},
  journal   = {Physical Review Letters},
  month     = {dec},
  publisher = {American Physical Society ({APS})},
  year      = {2012},
}

@Article{Niu1984,
  author    = {Q. Niu and D. J. Thouless},
  title     = {Quantised adiabatic charge transport in the presence of substrate disorder and many-body interaction},
  doi       = {10.1088/0305-4470/17/12/016},
  number    = {12},
  pages     = {2453--2462},
  volume    = {17},
  journal   = {Journal of Physics A: Mathematical and General},
  month     = {aug},
  publisher = {{IOP} Publishing},
  year      = {1984},
}

@Article{Niu1985,
  author    = {Qian Niu and D. J. Thouless and Yong-Shi Wu},
  title     = {Quantized {H}all conductance as a topological invariant},
  doi       = {10.1103/physrevb.31.3372},
  number    = {6},
  pages     = {3372--3377},
  volume    = {31},
  journal   = {Physical Review B},
  month     = {mar},
  publisher = {American Physical Society ({APS})},
  year      = {1985},
}

@Article{Richaud2017,
  author    = {Andrea Richaud and Vittorio Penna},
  journal   = {Physical Review A},
  title     = {Quantum dynamics of bosons in a two-ring ladder: Dynamical algebra, vortexlike excitations, and currents},
  year      = {2017},
  month     = {jul},
  number    = {1},
  volume    = {96},
  doi       = {10.1103/physreva.96.013620},
  publisher = {American Physical Society ({APS})},
}

@Article{Kim1988,
  author    = {Shoon K. Kim and Joseph L. Birman},
  journal   = {Physical Review B},
  title     = {Dynamical group {SO}(3,2;r) of the polariton waves},
  year      = {1988},
  month     = {aug},
  number    = {6},
  pages     = {4291--4293},
  volume    = {38},
  doi       = {10.1103/physrevb.38.4291},
  publisher = {American Physical Society ({APS})},
}

@Article{Zhang1990,
  author    = {Wei-Min Zhang and Da Hsuan Feng and Robert Gilmore},
  journal   = {Reviews of Modern Physics},
  title     = {Coherent states: Theory and some applications},
  year      = {1990},
  month     = {oct},
  number    = {4},
  pages     = {867--927},
  volume    = {62},
  doi       = {10.1103/revmodphys.62.867},
  publisher = {American Physical Society ({APS})},
}

@Article{Zirnbauer1996,
  author    = {Martin R. Zirnbauer},
  journal   = {Journal of Mathematical Physics},
  title     = {Riemannian symmetric superspaces and their origin in random-matrix theory},
  year      = {1996},
  number    = {10},
  pages     = {4986--5018},
  volume    = {37},
  doi       = {10.1063/1.531675},
  month     = {oct},
  publisher = {{AIP} Publishing},
}

@Article{Dyson1962,
  author    = {Freeman J. Dyson},
  journal   = {Journal of Mathematical Physics},
  title     = {The {T}hreefold {W}ay. {A}lgebraic {S}tructure of {S}ymmetry {G}roups and {E}nsembles in {Q}uantum {M}echanics},
  year      = {1962},
  number    = {6},
  pages     = {1199--1215},
  volume    = {3},
  doi       = {10.1063/1.1703863},
  month     = {nov},
  publisher = {{AIP} Publishing},
}

@InProceedings{Kitaev2009,
  author    = {Alexei Kitaev and Vladimir Lebedev and Mikhail Feigel'man},
  booktitle = {{AIP} Conference Proceedings},
  title     = {Periodic table for topological insulators and superconductors},
  year      = {2009},
  publisher = {{AIP}},
  doi       = {10.1063/1.3149495},
}

@Article{Ryu2010,
  author    = {Shinsei Ryu and Andreas P Schnyder and Akira Furusaki and Andreas W W Ludwig},
  journal   = {New Journal of Physics},
  title     = {Topological insulators and superconductors: tenfold way and dimensional hierarchy},
  year      = {2010},
  number    = {6},
  pages     = {065010},
  volume    = {12},
  doi       = {10.1088/1367-2630/12/6/065010},
  month     = {jun},
  publisher = {{IOP} Publishing},
}

@Article{Kosterlitz1973,
  author    = {J M Kosterlitz and D J Thouless},
  journal   = {Journal of Physics C: Solid State Physics},
  title     = {Ordering, metastability and phase transitions in two-dimensional systems},
  year      = {1973},
  number    = {7},
  pages     = {1181--1203},
  volume    = {6},
  doi       = {10.1088/0022-3719/6/7/010},
  month     = {apr},
  publisher = {{IOP} Publishing},
}

@Article{Tsui1982,
  author    = {D. C. Tsui and H. L. Stormer and A. C. Gossard},
  journal   = {Physical Review Letters},
  title     = {Two-Dimensional Magnetotransport in the Extreme Quantum Limit},
  year      = {1982},
  number    = {22},
  pages     = {1559--1562},
  volume    = {48},
  doi       = {10.1103/physrevlett.48.1559},
  month     = {may},
  publisher = {American Physical Society ({APS})},
}

@Article{Klitzing1980,
  author    = {K. v. Klitzing and G. Dorda and M. Pepper},
  journal   = {Physical Review Letters},
  title     = {New Method for High-Accuracy Determination of the Fine-Structure Constant Based on Quantized Hall Resistance},
  year      = {1980},
  number    = {6},
  pages     = {494--497},
  volume    = {45},
  doi       = {10.1103/physrevlett.45.494},
  month     = {aug},
  publisher = {American Physical Society ({APS})},
}

@Article{Chang2013,
  author    = {C.-Z. Chang and J. Zhang and X. Feng and J. Shen and Z. Zhang and M. Guo and K. Li and Y. Ou and P. Wei and L.-L. Wang and Z.-Q. Ji and Y. Feng and S. Ji and X. Chen and J. Jia and X. Dai and Z. Fang and S.-C. Zhang and K. He and Y. Wang and L. Lu and X.-C. Ma and Q.-K. Xue},
  journal   = {Science},
  title     = {Experimental Observation of the Quantum Anomalous Hall Effect in a Magnetic Topological Insulator},
  year      = {2013},
  number    = {6129},
  pages     = {167--170},
  volume    = {340},
  doi       = {10.1126/science.1234414},
  month     = {mar},
  publisher = {American Association for the Advancement of Science ({AAAS})},
}

@Article{Bernevig2006a,
  author    = {B. Andrei Bernevig and Shou-Cheng Zhang},
  journal   = {Physical Review Letters},
  title     = {Quantum Spin Hall Effect},
  year      = {2006},
  number    = {10},
  pages     = {106802},
  volume    = {96},
  doi       = {10.1103/physrevlett.96.106802},
  month     = {mar},
  publisher = {American Physical Society ({APS})},
}

@Article{Moore2007,
  author    = {J. E. Moore and L. Balents},
  journal   = {Physical Review B},
  title     = {Topological invariants of time-reversal-invariant band structures},
  year      = {2007},
  number    = {12},
  pages     = {121306},
  volume    = {75},
  doi       = {10.1103/physrevb.75.121306},
  month     = {mar},
  publisher = {American Physical Society ({APS})},
}

@Article{Roy2009,
  author    = {Rahul Roy},
  journal   = {Physical Review B},
  title     = {Topological phases and the quantum spin Hall effect in three dimensions},
  year      = {2009},
  number    = {19},
  pages     = {195322},
  volume    = {79},
  doi       = {10.1103/physrevb.79.195322},
  month     = {may},
  publisher = {American Physical Society ({APS})},
}

@Article{Hsieh2008,
  author    = {D. Hsieh and D. Qian and L. Wray and Y. Xia and Y. S. Hor and R. J. Cava and M. Z. Hasan},
  journal   = {Nature},
  title     = {A topological Dirac insulator in a quantum spin Hall phase},
  year      = {2008},
  number    = {7190},
  pages     = {970--974},
  volume    = {452},
  doi       = {10.1038/nature06843},
  month     = {apr},
  publisher = {Springer Science and Business Media {LLC}},
}

@Article{Kitaev2001,
  author    = {A Yu Kitaev},
  journal   = {Physics-Uspekhi},
  title     = {Unpaired Majorana fermions in quantum wires},
  year      = {2001},
  number    = {10S},
  pages     = {131--136},
  volume    = {44},
  doi       = {10.1070/1063-7869/44/10s/s29},
  month     = {oct},
  publisher = {Uspekhi Fizicheskikh Nauk ({UFN}) Journal},
}

@Article{Ivanov2001,
  author    = {D. A. Ivanov},
  journal   = {Physical Review Letters},
  title     = {Non-Abelian Statistics of Half-Quantum Vortices inp-Wave Superconductors},
  year      = {2001},
  number    = {2},
  pages     = {268--271},
  volume    = {86},
  doi       = {10.1103/physrevlett.86.268},
  month     = {jan},
  publisher = {American Physical Society ({APS})},
}

@Book{Pachos2014,
  author    = {Pachos, Jiannis K.},
  publisher = {Cambridge University Press},
  title     = {Introduction to Topological Quantum Computation},
  year      = {2014},
  isbn      = {1107005043},
  month     = dec,
  ean       = {9781107005044},
  pagetotal = {220},
  url       = {https://www.ebook.de/de/product/18277876/jiannis_k_pachos_introduction_to_topological_quantum_computation.html},
}

@Article{Yao2018a,
  author    = {Shunyu Yao and Fei Song and Zhong Wang},
  journal   = {Physical Review Letters},
  title     = {Non-Hermitian Chern Bands},
  year      = {2018},
  number    = {13},
  pages     = {136802},
  volume    = {121},
  doi       = {10.1103/physrevlett.121.136802},
  month     = {sep},
  publisher = {American Physical Society ({APS})},
}

@Article{Xiao2020,
  author    = {Lei Xiao and Tianshu Deng and Kunkun Wang and Gaoyan Zhu and Zhong Wang and Wei Yi and Peng Xue},
  journal   = {Nature Physics},
  title     = {Non-Hermitian bulk{\textendash}boundary correspondence in quantum dynamics},
  year      = {2020},
  number    = {7},
  pages     = {761--766},
  volume    = {16},
  doi       = {10.1038/s41567-020-0836-6},
  month     = {mar},
  publisher = {Springer Science and Business Media {LLC}},
}

@Article{Song2019,
  author    = {Fei Song and Shunyu Yao and Zhong Wang},
  journal   = {Physical Review Letters},
  title     = {Non-Hermitian Skin Effect and Chiral Damping in Open Quantum Systems},
  year      = {2019},
  number    = {17},
  pages     = {170401},
  volume    = {123},
  doi       = {10.1103/physrevlett.123.170401},
  month     = {oct},
  publisher = {American Physical Society ({APS})},
}

@Article{Benalcazar2017,
  author    = {Wladimir A. Benalcazar and B. Andrei Bernevig and Taylor L. Hughes},
  journal   = {Science},
  title     = {Quantized electric multipole insulators},
  year      = {2017},
  number    = {6346},
  pages     = {61--66},
  volume    = {357},
  doi       = {10.1126/science.aah6442},
  month     = {jul},
  publisher = {American Association for the Advancement of Science ({AAAS})},
}

@Article{Langbehn2017,
  author    = {Josias Langbehn and Yang Peng and Luka Trifunovic and Felix von Oppen and Piet W. Brouwer},
  journal   = {Physical Review Letters},
  title     = {Reflection-Symmetric Second-Order Topological Insulators and Superconductors},
  year      = {2017},
  number    = {24},
  pages     = {246401},
  volume    = {119},
  doi       = {10.1103/physrevlett.119.246401},
  month     = {dec},
  publisher = {American Physical Society ({APS})},
}

@Article{Benalcazar2017a,
  author    = {Wladimir A. Benalcazar and B. Andrei Bernevig and Taylor L. Hughes},
  journal   = {Physical Review B},
  title     = {Electric multipole moments, topological multipole moment pumping, and chiral hinge states in crystalline insulators},
  year      = {2017},
  number    = {24},
  pages     = {245115},
  volume    = {96},
  doi       = {10.1103/physrevb.96.245115},
  month     = {dec},
  publisher = {American Physical Society ({APS})},
}

@Article{Schindler2018,
  author    = {Frank Schindler and Ashley M. Cook and Maia G. Vergniory and Zhijun Wang and Stuart S. P. Parkin and B. Andrei Bernevig and Titus Neupert},
  journal   = {Science Advances},
  title     = {Higher-order topological insulators},
  year      = {2018},
  number    = {6},
  pages     = {eaat0346},
  volume    = {4},
  doi       = {10.1126/sciadv.aat0346},
  month     = {jun},
  publisher = {American Association for the Advancement of Science ({AAAS})},
}

@Article{Cooper2019,
  author    = {N.{\hspace{0.167em}}R. Cooper and J. Dalibard and I.{\hspace{0.167em}}B. Spielman},
  journal   = {Reviews of Modern Physics},
  title     = {Topological bands for ultracold atoms},
  year      = {2019},
  number    = {1},
  pages     = {015005},
  volume    = {91},
  doi       = {10.1103/revmodphys.91.015005},
  month     = {mar},
  publisher = {American Physical Society ({APS})},
}

@Article{Kawabata2019a,
  author    = {Kohei Kawabata and Ken Shiozaki and Masahito Ueda and Masatoshi Sato},
  journal   = {Physical Review X},
  title     = {Symmetry and Topology in Non-Hermitian Physics},
  year      = {2019},
  number    = {4},
  pages     = {041015},
  volume    = {9},
  doi       = {10.1103/physrevx.9.041015},
  month     = {oct},
  publisher = {American Physical Society ({APS})},
}

@Article{Zhou2020,
  author    = {Zixian Zhou and Liang-Liang Wan and Zhi-Fang Xu},
  journal   = {Journal of Physics A: Mathematical and Theoretical},
  title     = {Topological classification of excitations in quadratic bosonic systems},
  year      = {2020},
  number    = {42},
  pages     = {425203},
  volume    = {53},
  doi       = {10.1088/1751-8121/abb92b},
  month     = {oct},
  publisher = {{IOP} Publishing},
}

@Article{Joshi2018,
  author    = {Darshan G. Joshi},
  journal   = {Physical Review B},
  title     = {Topological excitations in the ferromagnetic Kitaev-Heisenberg model},
  year      = {2018},
  number    = {6},
  pages     = {060405},
  volume    = {98},
  doi       = {10.1103/physrevb.98.060405},
  month     = {aug},
  publisher = {American Physical Society ({APS})},
}

@Article{Haldane2008,
  author    = {F. D. M. Haldane and S. Raghu},
  journal   = {Physical Review Letters},
  title     = {Possible Realization of Directional Optical Waveguides in Photonic Crystals with Broken Time-Reversal Symmetry},
  year      = {2008},
  number    = {1},
  pages     = {013904},
  volume    = {100},
  doi       = {10.1103/physrevlett.100.013904},
  month     = {jan},
  publisher = {American Physical Society ({APS})},
}

@Article{Delplace2017,
  author    = {Pierre Delplace and J. B. Marston and Antoine Venaille},
  journal   = {Science},
  title     = {Topological origin of equatorial waves},
  year      = {2017},
  number    = {6366},
  pages     = {1075--1077},
  volume    = {358},
  doi       = {10.1126/science.aan8819},
  month     = {oct},
  publisher = {American Association for the Advancement of Science ({AAAS})},
}

@Article{Akagi2020,
  author    = {Yutaka Akagi},
  journal   = {Journal of the Physical Society of Japan},
  title     = {Topological Invariant for Bosonic Bogoliubov{\textendash}de Gennes Systems with Disorder},
  year      = {2020},
  number    = {12},
  pages     = {123601},
  volume    = {89},
  doi       = {10.7566/jpsj.89.123601},
  month     = {dec},
  publisher = {Physical Society of Japan},
}

@Article{Maestro2004,
  author    = {Adrian G Del Maestro and Michel J P Gingras},
  journal   = {Journal of Physics: Condensed Matter},
  title     = {Quantum spin fluctuations in the dipolar Heisenberg-like rare earth pyrochlores},
  year      = {2004},
  number    = {20},
  pages     = {3339--3353},
  volume    = {16},
  doi       = {10.1088/0953-8984/16/20/005},
  month     = {may},
  publisher = {{IOP} Publishing},
}

@Article{Goldman2016,
  author    = {N. Goldman and J. C. Budich and P. Zoller},
  journal   = {Nature Physics},
  title     = {Topological quantum matter with ultracold gases in optical lattices},
  year      = {2016},
  number    = {7},
  pages     = {639--645},
  volume    = {12},
  doi       = {10.1038/nphys3803},
  month     = {jun},
  publisher = {Springer Science and Business Media {LLC}},
}

@Article{Wang2017,
  author    = {Ce Wang and Pengfei Zhang and Xin Chen and Jinlong Yu and Hui Zhai},
  journal   = {Physical Review Letters},
  title     = {Scheme to Measure the Topological Number of a Chern Insulator from Quench Dynamics},
  year      = {2017},
  number    = {18},
  pages     = {185701},
  volume    = {118},
  doi       = {10.1103/physrevlett.118.185701},
  month     = {may},
  publisher = {American Physical Society ({APS})},
}

@Article{Zhang2019,
  author    = {Long Zhang and Lin Zhang and Xiong-Jun Liu},
  journal   = {Physical Review A},
  title     = {Characterizing topological phases by quantum quenches: A general theory},
  year      = {2019},
  number    = {6},
  pages     = {063624},
  volume    = {100},
  doi       = {10.1103/physreva.100.063624},
  month     = {dec},
  publisher = {American Physical Society ({APS})},
}

@Article{Zhang2018,
  author    = {Lin Zhang and Long Zhang and Sen Niu and Xiong-Jun Liu},
  journal   = {Science Bulletin},
  title     = {Dynamical classification of topological quantum phases},
  year      = {2018},
  number    = {21},
  pages     = {1385--1391},
  volume    = {63},
  doi       = {10.1016/j.scib.2018.09.018},
  month     = {nov},
  publisher = {Elsevier {BV}},
}

@Article{Sun2018a,
  author    = {Wei Sun and Chang-Rui Yi and Bao-Zong Wang and Wei-Wei Zhang and Barry C. Sanders and Xiao-Tian Xu and Zong-Yao Wang and Joerg Schmiedmayer and Youjin Deng and Xiong-Jun Liu and Shuai Chen and Jian-Wei Pan},
  journal   = {Physical Review Letters},
  title     = {Uncover Topology by Quantum Quench Dynamics},
  year      = {2018},
  number    = {25},
  pages     = {250403},
  volume    = {121},
  doi       = {10.1103/physrevlett.121.250403},
  month     = {dec},
  publisher = {American Physical Society ({APS})},
}

@Article{Wan2021,
  author    = {Liang-Liang Wan and Zixian Zhou and Zhi-Fang Xu},
  journal   = {Physical Review A},
  title     = {Squeezing-induced topological gap opening on bosonic Bogoliubov excitations},
  year      = {2021},
  number    = {1},
  pages     = {013308},
  volume    = {103},
  doi       = {10.1103/physreva.103.013308},
  month     = {jan},
  publisher = {American Physical Society ({APS})},
}

@Article{McClarty2018,
  author    = {P. A. McClarty and X.-Y. Dong and M. Gohlke and J. G. Rau and F. Pollmann and R. Moessner and K. Penc},
  journal   = {Physical Review B},
  title     = {Topological magnons in Kitaev magnets at high fields},
  year      = {2018},
  number    = {6},
  pages     = {060404},
  volume    = {98},
  doi       = {10.1103/physrevb.98.060404},
  month     = {aug},
  publisher = {American Physical Society ({APS})},
}

@Comment{jabref-meta: databaseType:bibtex;}
